@article{claessen2011quickcheck,
    title={{QuickCheck}: a lightweight tool for random testing of {Haskell} programs},
    author={Claessen, Koen and Hughes, John},
    journal={ACM sigplan notices},
    volume={46},
    number={4},
    pages={53--64},
    year={2011},
    publisher={ACM New York, NY, USA}
}


@techreport{callas1998openpgp,
    title={{OpenPGP} message format},
    author={Callas, Jon and Donnerhacke, Lutz and Finney, Hal and Thayer, Rodney},
    year={1998},
    institution={RFC 2440, November}
}


@inproceedings{Goguen_Meseguer_82,
  address =       {Oakland, California, USA},
  author =        {Joseph Goguen and Jos{\'e} Meseguer},
  booktitle =     {Security and Privacy (S\&P)},
  pages =         {11--20},
  publisher = {Computer Society},
  title =         {Security Policies and Security Models},
  year =          {1982},
}

@article{Zheng_Myers_07,
  author =        {Lantian Zheng and Andrew C. Myers},
  journal =       {International Journal of Information Security},
  number =        {2--3},
  title =         {Dynamic security labels and Static Information Flow Control},
  volume =        {6},
  year =          {2007},
}

@inproceedings{Lourenco_Caires_15,
  author =        {Lu\'{i}sa Louren\c{c}o and Lu\'{i}s Caires},
  booktitle =     {Principles of Programming Languages (POPL)},
  pages =         {317-328},
  publisher = {ACM},
  title =         {Dependent Information Flow Types},
  year =          {2015},
}

@inproceedings{BanerjeeNR08,
  author    = {Anindya Banerjee and David A. Naumann and Stan Rosenberg},
  title     = {Expressive Declassification Policies and Modular Static Enforcement},
  booktitle = {Security and Privacy (S\&P)},
  pages     = {339--353},
  publisher = {IEEE},
  year      = {2008}
}

@inproceedings{chudnov2018assuming,
    title={Assuming You Know: Epistemic Semantics of Relational Annotations for Expressive Flow Policies},
    author={Chudnov, Andrey and Naumann, David A},
    booktitle={Computer Security Foundations Symposium (CSF)},
    pages={189--203},
    year={2018},
    organization={IEEE}
}

@inproceedings{chudnov2014information,
    title={Information flow monitoring as abstract interpretation for relational logic},
    author={Chudnov, Andrey and Kuan, George and Naumann, David A},
    booktitle={Computer Security Foundations Symposium (CSF)},
    pages={48--62},
    year={2014},
    organization={IEEE}
}

@inproceedings{austin2009efficient,
    title={Efficient purely-dynamic information flow analysis},
    author={Austin, Thomas H and Flanagan, Cormac},
    booktitle={Programming Languages and Analysis for Security (PLAS)},
    pages={113--124},
    year={2009}
}

@misc{myers2001jif,
    title={Jif: Java information flow},
    author={Myers, Andrew C and Zheng, Lantian and Zdancewic, Steve and Chong, Stephen and Nystrom, Nathaniel},
    year={2001}
}

